<record><leader>00000cas a2200000 a 4500</leader><controlfield tag="001">8862537</controlfield><controlfield tag="007">he bmu---bucu</controlfield><controlfield tag="008">821015d18841903nbubr n b     0    0eng c</controlfield><datafield ind1=" " ind2=" " tag="010"><subfield code="a">  2002238752</subfield></datafield><datafield ind1=" " ind2=" " tag="040"><subfield code="a">WYU</subfield><subfield code="b">eng</subfield><subfield code="c">WYU</subfield><subfield code="d">OCL</subfield><subfield code="d">IUL</subfield><subfield code="d">OCLCQ</subfield><subfield code="d">OCLCF</subfield></datafield><datafield ind1="1" ind2=" " tag="029"><subfield code="a">AU@</subfield><subfield code="b">000023760058</subfield></datafield><datafield ind1=" " ind2=" " tag="042"><subfield code="a">pcc</subfield></datafield><datafield ind1=" " ind2=" " tag="043"><subfield code="a">n-us-sd</subfield><subfield code="a">n-us-nb</subfield></datafield><datafield ind1="1" ind2="4" tag="050"><subfield code="a">E99.S22</subfield><subfield code="b">W673</subfield></datafield><datafield ind1="0" ind2="4" tag="245"><subfield code="a">The word carrier</subfield><subfield code="h">[microform].</subfield></datafield><datafield ind1=" " ind2=" " tag="260"><subfield code="a">Greenwood, D.T. [S.D.] :</subfield><subfield code="b">Dakota Mission,</subfield><subfield code="c">1884-1903.</subfield></datafield><datafield ind1=" " ind2=" " tag="300"><subfield code="a">v. :</subfield><subfield code="b">ill. ;</subfield><subfield code="c">41 cm.</subfield></datafield><datafield ind1=" " ind2=" " tag="310"><subfield code="a">Bimonthly,</subfield><subfield code="b">Apr./May 1902-July/Aug. 1903</subfield></datafield><datafield ind1=" " ind2=" " tag="321"><subfield code="a">Monthly,</subfield><subfield code="b">Mar. 1884-Mar. 1902</subfield></datafield><datafield ind1="0" ind2=" " tag="362"><subfield code="a">New ser., v. 1, no. 1 (Mar. 1884)-new ser., v. 4, no. 12 (Dec. 1887) ; vol. 17, no. 1 (Jan. 1888)-v. 31, no. 4 (July/Aug. 1903).</subfield></datafield><datafield ind1=" " ind2=" " tag="500"><subfield code="a">"Published for the Dakota mission, in the interest of schools and missions among the Indians, with special reference to the Santee Normal Training School."</subfield></datafield><datafield ind1=" " ind2=" " tag="500"><subfield code="a">Published in Greenwood, S.D., Mar. 1884-Dec. 1887; and in: Santee, Neb., Jan. 1888- July/Aug. 1903.</subfield></datafield><datafield ind1=" " ind2=" " tag="580"><subfield code="a">Originally published as part of the Dakota language publication Iapi oaye and seperated into it's own publication in 1884.</subfield></datafield><datafield ind1=" " ind2=" " tag="533"><subfield code="a">Microfiche.</subfield><subfield code="b">New York :</subfield><subfield code="c">Clearwater Pub. Company,</subfield><subfield code="d">1981.</subfield><subfield code="e">13 microfiches.</subfield></datafield><datafield ind1=" " ind2="0" tag="650"><subfield code="a">Dakota Indians</subfield><subfield code="v">Newspapers.</subfield></datafield><datafield ind1=" " ind2="0" tag="650"><subfield code="a">Santee Indians</subfield><subfield code="v">Newspapers.</subfield></datafield><datafield ind1=" " ind2="0" tag="650"><subfield code="a">Dakota Indians</subfield><subfield code="x">Missions</subfield><subfield code="v">Newspapers.</subfield></datafield><datafield ind1=" " ind2="0" tag="650"><subfield code="a">Santee Indians</subfield><subfield code="x">Missions</subfield><subfield code="v">Newspapers.</subfield></datafield><datafield ind1=" " ind2="0" tag="651"><subfield code="a">Greenwood (S.D.)</subfield><subfield code="v">Newspapers.</subfield></datafield><datafield ind1=" " ind2="0" tag="651"><subfield code="a">Charles Mix County (S.D.)</subfield><subfield code="v">Newspapers.</subfield></datafield><datafield ind1=" " ind2="0" tag="651"><subfield code="a">Santee (Neb.)</subfield><subfield code="v">Newspapers.</subfield></datafield><datafield ind1=" " ind2="0" tag="651"><subfield code="a">Knox County (Neb.)</subfield><subfield code="v">Newspapers.</subfield></datafield><datafield ind1="2" ind2="0" tag="610"><subfield code="a">Santee Normal Training School (Santee, Neb.)</subfield><subfield code="v">Newspapers.</subfield></datafield><datafield ind1=" " ind2="7" tag="655"><subfield code="a">Newspapers.</subfield><subfield code="2">fast</subfield><subfield code="0">(OCoLC)fst01423814</subfield></datafield><datafield ind1="2" ind2="7" tag="610"><subfield code="a">Santee Normal Training School (Santee, Neb.)</subfield><subfield code="2">fast</subfield><subfield code="0">(OCoLC)fst00677810</subfield></datafield><datafield ind1=" " ind2="7" tag="650"><subfield code="a">Dakota Indians.</subfield><subfield code="2">fast</subfield><subfield code="0">(OCoLC)fst00887107</subfield></datafield><datafield ind1=" " ind2="7" tag="650"><subfield code="a">Dakota Indians</subfield><subfield code="x">Missions.</subfield><subfield code="2">fast</subfield><subfield code="0">(OCoLC)fst00887128</subfield></datafield><datafield ind1=" " ind2="7" tag="650"><subfield code="a">Santee Indians.</subfield><subfield code="2">fast</subfield><subfield code="0">(OCoLC)fst01105315</subfield></datafield><datafield ind1=" " ind2="7" tag="650"><subfield code="a">Santee Indians</subfield><subfield code="x">Missions.</subfield><subfield code="2">fast</subfield><subfield code="0">(OCoLC)fst01105320</subfield></datafield><datafield ind1=" " ind2="7" tag="651"><subfield code="a">Nebraska</subfield><subfield code="z">Knox County.</subfield><subfield code="2">fast</subfield><subfield code="0">(OCoLC)fst01222830</subfield></datafield><datafield ind1=" " ind2="7" tag="651"><subfield code="a">Nebraska</subfield><subfield code="z">Santee.</subfield><subfield code="2">fast</subfield><subfield code="0">(OCoLC)fst01260569</subfield></datafield><datafield ind1=" " ind2="7" tag="651"><subfield code="a">South Dakota</subfield><subfield code="z">Charles Mix County.</subfield><subfield code="2">fast</subfield><subfield code="0">(OCoLC)fst01215817</subfield></datafield><datafield ind1=" " ind2="7" tag="651"><subfield code="a">South Dakota</subfield><subfield code="z">Greenwood.</subfield><subfield code="2">fast</subfield><subfield code="0">(OCoLC)fst01260967</subfield></datafield><datafield ind1="2" ind2=" " tag="710"><subfield code="a">Santee Normal Training School (Santee, Neb.)</subfield></datafield><datafield ind1=" " ind2=" " tag="752"><subfield code="a">United States</subfield><subfield code="b">Nebraska</subfield><subfield code="c">Knox</subfield><subfield code="d">Santee.</subfield></datafield><datafield ind1=" " ind2=" " tag="752"><subfield code="a">United States</subfield><subfield code="b">South Dakota</subfield><subfield code="c">Charles Mix</subfield><subfield code="d">Greenwood.</subfield></datafield><datafield ind1="0" ind2="1" tag="780"><subfield code="t">Iapi oaye</subfield><subfield code="w">(DLC)  2002238750</subfield><subfield code="w">(OCoLC)9974487</subfield></datafield><datafield ind1="0" ind2="0" tag="785"><subfield code="t">Word carrier of Santee Normal Training School</subfield><subfield code="w">(DLC)  2002238751</subfield><subfield code="w">(OCoLC)8851870</subfield></datafield></record>